%% This BibTeX bibliography file was created using BibDesk.
%% http://bibdesk.sourceforge.net/

%% Created for Kasra Qasempour at 2018-01-09 21:05:27 +0100 


%% Saved with string encoding Unicode (UTF-8) 

@inproceedings{Dahse:2014:SDS:2671225.2671288,
	author = {Dahse, Johannes and Holz, Thorsten},
	title = {Static Detection of Second-order Vulnerabilities in Web Applications},
	booktitle = {Proceedings of the 23rd USENIX Conference on Security Symposium},
	series = {SEC'14},
	year = {2014},
	isbn = {978-1-931971-15-7},
	location = {San Diego, CA},
	pages = {989--1003},
	numpages = {15},
	url = {http://dl.acm.org/citation.cfm?id=2671225.2671288},
	acmid = {2671288},
	publisher = {USENIX Association},
	address = {Berkeley, CA, USA},
} 

@INPROCEEDINGS{8170097, 
	author={I. Pashchenko and S. Dashevskyi and F. Massacci}, 
	booktitle={2017 ACM/IEEE International Symposium on Empirical Software Engineering and Measurement (ESEM)}, 
	title={Delta-Bench: Differential Benchmark for Static Analysis Security Testing Tools}, 
	year={2017}, 
	volume={}, 
	number={}, 
	pages={163-168}, 
	keywords={benchmark testing;program diagnostics;program testing;public domain software;security of data;software tools;Delta-bench;static analysis security testing tools;uncertain ground truth;Apache Tomcat;FOSS repositories;Free and Open Source repositories;file vulnerabilities;SAST tool benchmarks;Tools;Benchmark testing;Software;Security;Computer languages;Noise measurement;Static Analysis;Static Application Security Testing Tool;Vulnerability;Software Security;Large-scale Benchmark}, 
	doi={10.1109/ESEM.2017.24}, 
	ISSN={}, 
	month={Nov}
}


@ARTICLE{8338426, 
	author={S. Amann and H. A. Nguyen and S. Nadi and T. N. Nguyen and M. Mezini}, 
	journal={IEEE Transactions on Software Engineering}, 
	title={A Systematic Evaluation of Static API-Misuse Detectors}, 
	year={2018}, 
	volume={}, 
	number={}, 
	pages={1-1}, 
	keywords={Detectors;Benchmark testing;Taxonomy;Tools;Systematics;Software;Computer bugs;API-Misuse Detection;Survey;Misuse Classification;Benchmark;MUBench}, 
	doi={10.1109/TSE.2018.2827384}, 
	ISSN={0098-5589}, 
	month={}
}

@INPROCEEDINGS{Scanstud, 
	author={M. Johns and M. Jodeit}, 
	booktitle={2011 IEEE Fourth International Conference on Software Testing, Verification and Validation Workshops}, 
	title={Scanstud: A Methodology for Systematic, Fine-Grained Evaluation of Static Analysis Tools}, 
	year={2011}, 
	volume={}, 
	number={}, 
	pages={523-530}, 
	keywords={software quality;software tools;Scanstud;fine-grained evaluation;static analysis tools;source code;security vulnerabilities;public assessment;automatic execution;iterative test case design;Security;Benchmark testing;Arrays;Semantics;Manuals;Context;static analysis;evaluation;security}, 
	doi={10.1109/ICSTW.2011.32}, 
	ISSN={}, 
	month={March}
}

@ARTICLE{Glossary_of_term
	author={Specialist Interest Group in Software Testing (BCS SIGIST)}, 
	title={Glossary of terms used in software testing}, 
	year={2006}, 
	url={http://www.testingstandards.co.uk/bs\_7925-1\_online.htm}
}

@book{Chess:2007:SPS:1406221,
	author = {Chess, Brian and West, Jacob},
	title = {Secure Programming with Static Analysis},
	year = {2007},
	isbn = {9780321424778},
	edition = {First},
	publisher = {Addison-Wesley Professional},
} 

@website{owasp,
	title = {OWASP WebGoat Project},
	url = {https://www.owasp.org/index.php}
} 
@inproceedings{Reif:2017:HAC:3088515.3088523,
	author = {Reif, Michael and Eichberg, Michael and Hermann, Ben and Mezini, Mira},
	title = {Hermes: Assessment and Creation of Effective Test Corpora},
	booktitle = {Proceedings of the 6th ACM SIGPLAN International Workshop on State Of the Art in Program Analysis},
	series = {SOAP 2017},
	year = {2017},
	isbn = {978-1-4503-5072-3},
	location = {Barcelona, Spain},
	pages = {43--48},
	numpages = {6},
	url = {http://doi.acm.org/10.1145/3088515.3088523},
	doi = {10.1145/3088515.3088523},
	acmid = {3088523},
	publisher = {ACM},
	address = {New York, NY, USA},
	keywords = {Benchmark Suites, Java, Program Analysis, Test Corpora},
} 
@INPROCEEDINGS{5693210, 
	author={E. Tempero and C. Anslow and J. Dietrich and T. Han and J. Li and M. Lumpe and H. Melton and J. Noble}, 
	booktitle={2010 Asia Pacific Software Engineering Conference}, 
	title={The Qualitas Corpus: A Curated Collection of Java Code for Empirical Studies}, 
	year={2010}, 
	volume={}, 
	number={}, 
	pages={336-345}, 
	keywords={codes;Java;software engineering;Qualitas Corpus;curated collection;Java code;software development;open source Java systems;Java;Libraries;Pragmatics;Software;Software engineering;Benchmark testing;Empirical studies;curated code corpus;experimental infrastructure}, 
	doi={10.1109/APSEC.2010.46}, 
	ISSN={1530-1362}, 
	month={Nov},}

@article{Dingsoyr:2013:RCL:2507288.2507322,
	author = {Dings{\o}yr, Torgeir and Moe, Nils Brede},
	title = {Research Challenges in Large-scale Agile Software Development},
	journal = {SIGSOFT Softw. Eng. Notes},
	issue_date = {September 2013},
	volume = {38},
	number = {5},
	month = aug,
	year = {2013},
	issn = {0163-5948},
	pages = {38--39},
	numpages = {2},
	url = {http://doi.acm.org/10.1145/2507288.2507322},
	doi = {10.1145/2507288.2507322},
	acmid = {2507322},
	publisher = {ACM},
	address = {New York, NY, USA},
	keywords = {agile software development, large-scale agile, research agenda},
} 
@inproceedings{Blackburn:2006:DBJ:1167473.1167488,
	author = {Blackburn, Stephen M. and Garner, Robin and Hoffmann, Chris and Khang, Asjad M. and McKinley, Kathryn S. and Bentzur, Rotem and Diwan, Amer and Feinberg, Daniel and Frampton, Daniel and Guyer, Samuel Z. and Hirzel, Martin and Hosking, Antony and Jump, Maria and Lee, Han and Moss, J. Eliot B. and Phansalkar, Aashish and Stefanovi\'{c}, Darko and VanDrunen, Thomas and von Dincklage, Daniel and Wiedermann, Ben},
	title = {The DaCapo Benchmarks: Java Benchmarking Development and Analysis},
	booktitle = {Proceedings of the 21st Annual ACM SIGPLAN Conference on Object-oriented Programming Systems, Languages, and Applications},
	series = {OOPSLA '06},
	year = {2006},
	isbn = {1-59593-348-4},
	location = {Portland, Oregon, USA},
	pages = {169--190},
	numpages = {22},
	url = {http://doi.acm.org/10.1145/1167473.1167488},
	doi = {10.1145/1167473.1167488},
	acmid = {1167488},
	publisher = {ACM},
	address = {New York, NY, USA},
	keywords = {DaCapo, Java, SPEC, benchmark, methodology},
} 
@MISC{Livshits_defininga,
	author = {Benjamin Livshits},
	title = {Defining a Set of Common Benchmarks for Web Application Security},
	year = {}
}
@inproceedings{Dujmovic:2010:AGB:1712605.1712654,
	author = {Dujmovi\'{c}, Jozo},
	title = {Automatic Generation of Benchmark and Test Workloads},
	booktitle = {Proceedings of the First Joint WOSP/SIPEW International Conference on Performance Engineering},
	series = {WOSP/SIPEW '10},
	year = {2010},
	isbn = {978-1-60558-563-5},
	location = {San Jose, California, USA},
	pages = {263--274},
	numpages = {12},
	url = {http://doi.acm.org/10.1145/1712605.1712654},
	doi = {10.1145/1712605.1712654},
	acmid = {1712654},
	publisher = {ACM},
	address = {New York, NY, USA},
	keywords = {benchmarking, metrics, program generators},
} 
@INPROCEEDINGS{5954458, 
	author={M. Johns and M. Jodeit}, 
	booktitle={2011 IEEE Fourth International Conference on Software Testing, Verification and Validation Workshops}, 
	title={Scanstud: A Methodology for Systematic, Fine-Grained Evaluation of Static Analysis Tools}, 
	year={2011}, 
	volume={}, 
	number={}, 
	pages={523-530}, 
	keywords={software quality;software tools;Scanstud;fine-grained evaluation;static analysis tools;source code;security vulnerabilities;public assessment;automatic execution;iterative test case design;Security;Benchmark testing;Arrays;Semantics;Manuals;Context;static analysis;evaluation;security}, 
	doi={10.1109/ICSTW.2011.32}, 
	ISSN={}, 
	month={March},}
@INPROCEEDINGS{5689543, 
	author={Peng Li and Baojiang Cui}, 
	booktitle={2010 IEEE International Conference on Information Theory and Information Security}, 
	title={A comparative study on software vulnerability static analysis techniques and tools}, 
	year={2010}, 
	volume={}, 
	number={}, 
	pages={521-524}, 
	keywords={program diagnostics;security of data;software reliability;software tools;software vulnerability static analysis;static analysis tool;software security;dynamic analysis;software vulnerability detection;Software;Security;Java;Testing;Databases;Semantics;Analytical models;Static Analysis;Software Security;Vulnerability;Static Analysis Tools}, 
	doi={10.1109/ICITIS.2010.5689543}, 
	ISSN={}, 
	month={Dec},}
@book{greiman2016iccws,
	title={ICCWS 2016 11th International Conference on Cyber Warfare and Security: ICCWS2016},
	author={Greiman, T.Z.P.V.},
	isbn={9781910810828},
	url={https://books.google.de/books?id=XD7QCwAAQBAJ},
	year={2016},
	publisher={ACPIL}
}
@inproceedings{Kupsch2009ManualVA,
	title={Manual vs. Automated Vulnerability Assessment: A Case Study},
	author={James A. Kupsch and Barton P. Miller},
	year={2009}
}
@inproceedings{Wilander250309,
	author = {Wilander, John and Kamkar, Mariam},
	booktitle = {Nordic Workshop on Secure IT Systems NordSec,2002},
	institution = {Linköping University, PELAB - Programming Environment Laboratory},
	institution = {Linköping University, The Institute of Technology},
	pages = {68--},
	publisher = {Karlstad University Studies},
	title = {A Comparison of Publicly Available Tools for Static Intrusion Prevention},
	keywords = {Security intrusions, intrusion prevention, static analysis, security testing, bu↵er overflow, format string attack},
	abstract = {The size and complexity of today's software systems is growing, increasing the number of bugs and thus the possibility of security vulnerabilities. Two common attacks against such vulnerabilities are buffer overflow and format string attacks. In this paper we implement a testbed of 44 function calls in C to empirically compare five publicly available tools for static analysis aiming to stop these attacks. The results show very high rates of false positives for the tools building on lexical analysis and very low rates of true positives for the tools building on syntactical and semantical analysis. },
	year = {2002}
}
@INPROCEEDINGS{7546498, 
	author={B. Dolan-Gavitt and P. Hulin and E. Kirda and T. Leek and A. Mambretti and W. Robertson and F. Ulrich and R. Whelan}, 
	booktitle={2016 IEEE Symposium on Security and Privacy (SP)}, 
	title={LAVA: Large-Scale Automated Vulnerability Addition}, 
	year={2016}, 
	volume={}, 
	number={}, 
	pages={110-121}, 
	keywords={program debugging;source code (software);large-scale automated vulnerability addition;false alarm rates;dynamic taint analysis-based technique;ground-truth corpora;program source code;GNU coreutils;LAVA-injected bugs;ground-truth vulnerability corpora;tool evaluation;tool developers;Computer bugs;Ground penetrating radar;Geophysical measurement techniques;Security;Privacy;Length measurement;Pathology}, 
	doi={10.1109/SP.2016.15}, 
	ISSN={2375-1207}, 
	month={May},}
@inproceedings{Cadar:2016:APA:2889160.2889206,
	author = {Cadar, Cristian and Donaldson, Alastair F.},
	title = {Analysing the Program Analyser},
	booktitle = {Proceedings of the 38th International Conference on Software Engineering Companion},
	series = {ICSE '16},
	year = {2016},
	isbn = {978-1-4503-4205-6},
	location = {Austin, Texas},
	pages = {765--768},
	numpages = {4},
	url = {http://doi.acm.org/10.1145/2889160.2889206},
	doi = {10.1145/2889160.2889206},
	acmid = {2889206},
	publisher = {ACM},
	address = {New York, NY, USA},
	keywords = {cross-checking, program analysis, program generators, program transformations, testing},
} 
@inproceedings{Pashchenko:2017:FVD:3106237.3121276,
	author = {Pashchenko, Ivan},
	title = {FOSS Version Differentiation As a Benchmark for Static Analysis Security Testing Tools},
	booktitle = {Proceedings of the 2017 11th Joint Meeting on Foundations of Software Engineering},
	series = {ESEC/FSE 2017},
	year = {2017},
	isbn = {978-1-4503-5105-8},
	location = {Paderborn, Germany},
	pages = {1056--1058},
	numpages = {3},
	url = {http://doi.acm.org/10.1145/3106237.3121276},
	doi = {10.1145/3106237.3121276},
	acmid = {3121276},
	publisher = {ACM},
	address = {New York, NY, USA},
	keywords = {Large-scale Benchmark, Software Security, Static Analysis, Static Application Security Testing Tool, Vulnerability},
}
@inproceedings{Do:2016:TAB:2931021.2931023,
	author = {Do, Lisa Nguyen Quang and Eichberg, Michael and Bodden, Eric},
	title = {Toward an Automated Benchmark Management System},
	booktitle = {Proceedings of the 5th ACM SIGPLAN International Workshop on State Of the Art in Program Analysis},
	series = {SOAP 2016},
	year = {2016},
	isbn = {978-1-4503-4385-5},
	location = {Santa Barbara, CA, USA},
	pages = {13--17},
	numpages = {5},
	url = {http://doi.acm.org/10.1145/2931021.2931023},
	doi = {10.1145/2931021.2931023},
	acmid = {2931023},
	publisher = {ACM},
	address = {New York, NY, USA},
	keywords = {ABM methodology, automated, benchmark suite, collection},
} 

@ARTICLE{675631, 
	author={W. F. Tichy}, 
	journal={Computer}, 
	title={Should computer scientists experiment more?}, 
	year={1998}, 
	volume={31}, 
	number={5}, 
	pages={32-40}, 
	keywords={computer science;DP industry;computer scientists;experimentation;computer science;software industry;company;competition;Computer science;Testing;Computer aided manufacturing;Laser modes;Laser theory;Probability;Humans;Brain modeling;Nervous system;Immune system}, 
	doi={10.1109/2.675631}, 
	ISSN={0018-9162}, 
	month={May},}

@standard{IEEE1990,
	added-at = {2013-10-18T17:16:24.000+0200},
	author = {IEEE},
	biburl = {https://www.bibsonomy.org/bibtex/2fe0466bf1128a3b4dd9361415f13d1e0/junkerm},
	doi = {10.1109/IEEESTD.1990.101064},
	file = {IEEE1990.pdf:IEEE1990.pdf:PDF},
	groups = {public},
	institution = {IEEE},
	interhash = {7d3dc24efccff2d3336f506d4f1063af},
	intrahash = {168c4ff010eecef4cce9d5b0030060ce},
	journal = {IEEE Std 610.12-1990},
	keywords = {glossary;terminology;definition;ieee},
	organization = {IEEE},
	pages = {1-84},
	timestamp = {2013-10-28T09:22:14.000+0100},
	title = {IEEE Standard Glossary of Software Engineering Terminology},
	username = {junkerm},
	year = 1990
}

@inproceedings{Heckman:2008:EBE:1414004.1414013,
	author = {Heckman, Sarah and Williams, Laurie},
	title = {On Establishing a Benchmark for Evaluating Static Analysis Alert Prioritization and Classification Techniques},
	booktitle = {Proceedings of the Second ACM-IEEE International Symposium on Empirical Software Engineering and Measurement},
	series = {ESEM '08},
	year = {2008},
	isbn = {978-1-59593-971-5},
	location = {Kaiserslautern, Germany},
	pages = {41--50},
	numpages = {10},
	url = {http://doi.acm.org/10.1145/1414004.1414013},
	doi = {10.1145/1414004.1414013},
	acmid = {1414013},
	publisher = {ACM},
	address = {New York, NY, USA},
	keywords = {alert classification, alert prioritization, automated static analysis, benchmark creation, false positive mitigation},
}

@inproceedings{Sim2003,
	author = {Sim, Susan and Easterbrook, Steve and Holt, R.C.},
	year = {2003},
	month = {06},
	pages = {74- 83},
	title = {Using benchmarking to advance research: A challenge to software engineering},
	isbn = {0-7695-1877-X},
	journal = {Proceedings - International Conference on Software Engineering},
	doi = {10.1109/ICSE.2003.1201189}
}

@ARTICLE{4601584, 
	author={}, 
	journal={IEEE Std 1028-2008}, 
	title={IEEE Standard for Software Reviews and Audits}, 
	year={2008}, 
	volume={}, 
	number={}, 
	pages={1-52}, 
	keywords={auditing;IEEE standards;software reviews;IEEE standards;sofware reviews;software audits;management reviews;technical reviews;inspections;walk-throughs;IEEE Std 1028-2008;IEEE Standards;Software testing;Performance evaluation;Software maintenance;audit;inspection;review;walk-through}, 
	doi={10.1109/IEEESTD.2008.4601584}, 
	ISSN={}, 
	month={Aug},}

@inproceedings{lu2005bugbench,
	title={Bugbench: Benchmarks for evaluating bug detection tools},
	author={Lu, Shan and Li, Zhenmin and Qin, Feng and Tan, Lin and Zhou, Pin and Zhou, Yuanyuan},
	booktitle={Workshop on the evaluation of software defect detection tools},
	volume={5},
	year={2005}
}