%% This BibTeX bibliography file was created using BibDesk.
%% http://bibdesk.sourceforge.net/

%% Created for Kasra Qasempour at 2018-01-09 21:05:27 +0100 


%% Saved with string encoding Unicode (UTF-8) 

@inproceedings{Dahse:2014:SDS:2671225.2671288,
	author = {Dahse, Johannes and Holz, Thorsten},
	title = {Static Detection of Second-order Vulnerabilities in Web Applications},
	booktitle = {Proceedings of the 23rd USENIX Conference on Security Symposium},
	series = {SEC'14},
	year = {2014},
	isbn = {978-1-931971-15-7},
	location = {San Diego, CA},
	pages = {989--1003},
	numpages = {15},
	url = {http://dl.acm.org/citation.cfm?id=2671225.2671288},
	acmid = {2671288},
	publisher = {USENIX Association},
	address = {Berkeley, CA, USA},
} 

@INPROCEEDINGS{8170097, 
	author={I. Pashchenko and S. Dashevskyi and F. Massacci}, 
	booktitle={2017 ACM/IEEE International Symposium on Empirical Software Engineering and Measurement (ESEM)}, 
	title={Delta-Bench: Differential Benchmark for Static Analysis Security Testing Tools}, 
	year={2017}, 
	volume={}, 
	number={}, 
	pages={163-168}, 
	keywords={benchmark testing;program diagnostics;program testing;public domain software;security of data;software tools;Delta-bench;static analysis security testing tools;uncertain ground truth;Apache Tomcat;FOSS repositories;Free and Open Source repositories;file vulnerabilities;SAST tool benchmarks;Tools;Benchmark testing;Software;Security;Computer languages;Noise measurement;Static Analysis;Static Application Security Testing Tool;Vulnerability;Software Security;Large-scale Benchmark}, 
	doi={10.1109/ESEM.2017.24}, 
	ISSN={}, 
	month={Nov}
}


@ARTICLE{8338426, 
	author={S. Amann and H. A. Nguyen and S. Nadi and T. N. Nguyen and M. Mezini}, 
	journal={IEEE Transactions on Software Engineering}, 
	title={A Systematic Evaluation of Static API-Misuse Detectors}, 
	year={2018}, 
	volume={}, 
	number={}, 
	pages={1-1}, 
	keywords={Detectors;Benchmark testing;Taxonomy;Tools;Systematics;Software;Computer bugs;API-Misuse Detection;Survey;Misuse Classification;Benchmark;MUBench}, 
	doi={10.1109/TSE.2018.2827384}, 
	ISSN={0098-5589}, 
	month={}
}

@INPROCEEDINGS{Scanstud, 
	author={M. Johns and M. Jodeit}, 
	booktitle={2011 IEEE Fourth International Conference on Software Testing, Verification and Validation Workshops}, 
	title={Scanstud: A Methodology for Systematic, Fine-Grained Evaluation of Static Analysis Tools}, 
	year={2011}, 
	volume={}, 
	number={}, 
	pages={523-530}, 
	keywords={software quality;software tools;Scanstud;fine-grained evaluation;static analysis tools;source code;security vulnerabilities;public assessment;automatic execution;iterative test case design;Security;Benchmark testing;Arrays;Semantics;Manuals;Context;static analysis;evaluation;security}, 
	doi={10.1109/ICSTW.2011.32}, 
	ISSN={}, 
	month={March}
}

@ARTICLE{Glossary_of_term
	author={Specialist Interest Group in Software Testing (BCS SIGIST)}, 
	title={Glossary of terms used in software testing}, 
	year={2006}, 
	url={http://www.testingstandards.co.uk/bs\_7925-1\_online.htm}
}

@book{Chess:2007:SPS:1406221,
	author = {Chess, Brian and West, Jacob},
	title = {Secure Programming with Static Analysis},
	year = {2007},
	isbn = {9780321424778},
	edition = {First},
	publisher = {Addison-Wesley Professional},
} 

@website{owasp,
	title = {OWASP WebGoat Project},
	url = {https://www.owasp.org/index.php}
} 
